@inproceedings{HACC_paper,
 author = {Habib, Salman and Morozov, Vitali and Frontiere, Nicholas and Finkel, Hal and Pope, Adrian and Heitmann, Katrin},
 title = {HACC: Extreme Scaling and Performance Across Diverse Architectures},
 booktitle = {Proceedings of the International Conference on High Performance Computing, Networking, Storage and Analysis},
 series = {SC '13},
 year = {2013},
 isbn = {978-1-4503-2378-9},
 location = {Denver, Colorado},
 pages = {6:1--6:10},
 articleno = {6},
 numpages = {10},
 acmid = {2504566},
 publisher = {ACM},
 address = {New York, NY, USA},
} 
